@misc{fei,
  author="Centro Universitario da FEI",
  year="2012",
  title="FEI Face Database [Data file]",
  url="http://fei.edu.br/~cet/facedatabase.html"
}

@article{stothers2010complexity,
  title={On the complexity of matrix multiplication},
  author={Stothers, Andrew James},
  year={2010},
  publisher={The University of Edinburgh}
}

@inproceedings{heseltine2003face,
  title={Face recognition: A comparison of appearance-based approaches},
  author={Heseltine, Thomas and Pears, Nick and Austin, Jim and Chen, Zezhi},
  booktitle={Proc. VIIth Digital image computing: Techniques and applications},
  volume={1},
  year={2003}
}

@article{yeo2000new,
  title={A new family of power transformations to improve normality or symmetry},
  author={Yeo, In-Kwon and Johnson, Richard A},
  journal={Biometrika},
  pages={954--959},
  year={2000},
  publisher={JSTOR}
}


@article{li2006using,
  title={Using discriminant analysis for multi-class classification: an experimental investigation},
  author={Li, Tao and Zhu, Shenghuo and Ogihara, Mitsunori},
  journal={Knowledge and information systems},
  volume={10},
  number={4},
  pages={453--472},
  year={2006},
  publisher={Springer}
}